<record><leader>00000cas a22000007a 4500</leader><controlfield tag="001">13412578</controlfield><controlfield tag="008">860409d18921918paudr ne      0    0eng d</controlfield><datafield ind1=" " ind2=" " tag="010"><subfield code="a">sn 86081265 </subfield></datafield><datafield ind1=" " ind2=" " tag="040"><subfield code="a">NPH</subfield><subfield code="b">eng</subfield><subfield code="c">NPH</subfield><subfield code="d">OCLCQ</subfield></datafield><datafield ind1=" " ind2=" " tag="042"><subfield code="a">msc</subfield></datafield><datafield ind1="0" ind2=" " tag="130"><subfield code="a">Evening news (Athens, Pa.)</subfield></datafield><datafield ind1="1" ind2="4" tag="245"><subfield code="a">The evening news.</subfield></datafield><datafield ind1=" " ind2=" " tag="260"><subfield code="a">Athens [i.e. Sayre], Pa. :</subfield><subfield code="b">Geo. S. Curtiss</subfield></datafield><datafield ind1=" " ind2=" " tag="300"><subfield code="a">v. ;</subfield><subfield code="c">56-61 cm.</subfield></datafield><datafield ind1=" " ind2=" " tag="310"><subfield code="a">Daily</subfield></datafield><datafield ind1="1" ind2=" " tag="362"><subfield code="a">Began in 1892.</subfield><subfield code="z">Cf. Rossell, G. Pa. newspapers.</subfield></datafield><datafield ind1="1" ind2=" " tag="362"><subfield code="a">Ceased with Dec. 1, 1918 issue?</subfield></datafield><datafield ind1=" " ind2=" " tag="580"><subfield code="a">Also issued in a weekly edition called: Athens news (Athens, Pa.).</subfield></datafield><datafield ind1=" " ind2=" " tag="580"><subfield code="a">Absorbed by: Evening times (Sayre, Pa.), Dec. 1918.</subfield></datafield><datafield ind1=" " ind2=" " tag="588"><subfield code="a">Description based on: Vol. 7, no. 112 (Apr. 27, 1899).</subfield></datafield><datafield ind1=" " ind2=" " tag="752"><subfield code="a">United States</subfield><subfield code="b">Pennsylvania</subfield><subfield code="c">Bradford</subfield><subfield code="d">Athens.</subfield></datafield><datafield ind1=" " ind2=" " tag="752"><subfield code="a">United States</subfield><subfield code="b">Pennsylvania</subfield><subfield code="c">Bradford</subfield><subfield code="d">Sayre.</subfield></datafield><datafield ind1="1" ind2=" " tag="775"><subfield code="t">Athens news (Athens, Pa.)</subfield><subfield code="w">(DLC)sn 86081266</subfield></datafield><datafield ind1="0" ind2="0" tag="780"><subfield code="t">Daily news (Athens, Pa.)</subfield><subfield code="w">(DLC)sn 86081264</subfield></datafield><datafield ind1="1" ind2="4" tag="785"><subfield code="t">Evening times (Sayre, Pa.)</subfield><subfield code="w">(DLC)sn 83003341</subfield></datafield></record>